% Encoding: UTF-8

@Misc{AFL,
  author = {Michał Zalewski},
  title = {{American Fuzzy Lop}},
  note  = {\url{http://lcamtuf.coredump.cx/afl/}}
}

@Misc{libfuzzer,
  author       = {Kostya Serebryany},
  title        = {{libFuzzer} – a library for coverage-guided fuzz testing},
  howpublished = {{LLVM project}},
  year         = {2015},
  note         = {\url{https://llvm.org/docs/LibFuzzer.html}},
}

@Misc{fuzzer-test-suite,
  author = {{Google Inc.}},
  title = {fuzzer-test-suite},
  note = {\url{https://github.com/google/fuzzer-test-suite}}
}

@InProceedings{qemu,
  author = {Fabrice Bellard},
  title = {{QEMU}, a Fast and Portable Dynamic Translator},
  booktitle = {Proceedings of the USENIX 2005 Annual Technical Conference, FREENIX Track}
  series = {USENIX'05},
  year = {2005},
  pages = {41--46},
  publisher = {{USENIX}},
}

@InProceedings{addresssanitizer,
  author = {Konstantin Serebryany and Derek Bruening and Alexander Potapenko and Dmitriy Vyukov},
  title = {{AddressSanitizer}: A Fast Address Sanity Checker},
  booktitle = {Presented as part of the 2012 {USENIX} Annual Technical Conference},
  year = {2012},
  isbn = {978-931971-93-5},
  pages = {309--318},
  publisher = {{USENIX}},
}

@Comment{jabref-meta: databaseType:bibtex;}
